@misc{Buddies,
	author = {Buddies, Science and Brabandere, Sabine},
	booktitle = {Scientific American},
	title = {{The Tower of Hanoi}},
	urldate = {04-04-2021},
	year = {2017}
}
@article{Hunter:2007,
	abstract = {Matplotlib is a 2D graphics package used for Python for
	application development, interactive scripting, and publication-quality
	image generation across user interfaces and operating systems.},
	author = {Hunter, J D},
	doi = {10.1109/MCSE.2007.55},
	journal = {Computing in Science \& Engineering},
	number = {3},
	pages = {90--95},
	publisher = {IEEE COMPUTER SOC},
	title = {{Matplotlib: A 2D graphics environment}},
	volume = {9},
	year = {2007}
}
@misc{recursion,
	author = {{The Editors of Encyclopaedia} and Kanchan, Gupta},
	booktitle = {Britannica},
	title = {{Recursive functions}},
	urldate = {04-05-2021},
	year = {2008}
}
@misc{Shu,
	author = {Shu, Frank H},
	booktitle = {Encyclopedia Britannica},
	title = {{Univser}},
	urldate = {04-05-2021},
	year = {2020}
}