@misc{Buddies,
author = {Buddies, Science and Brabandere, Sabine},
booktitle = {Scientific American},
title = {{The Tower of Hanoi}},
urldate = {2021-04-04},
year = {2017}
}
@article{matplotlib,
abstract = {Matplotlib is a 2D graphics package used for Python for
application development, interactive scripting, and publication-quality
image generation across user interfaces and operating systems.},
author = {Hunter, J D},
doi = {10.1109/MCSE.2007.55},
journal = {Computing in Science \& Engineering},
number = {3},
pages = {90--95},
publisher = {IEEE COMPUTER SOC},
title = {{Matplotlib: A 2D graphics environment}},
volume = {9},
year = {2007}
}
@misc{recursion,
author = {{The Editors of Encyclopaedia} and Kanchan, Gupta},
booktitle = {Britannica},
title = {{Recursive functions}},
urldate = {2021-04-05},
year = {2008}
}
@misc{Shu,
author = {Shu, Frank H},
booktitle = {Encyclopedia Britannica},
title = {{Univserse}},
urldate = {2021-04-05},
year = {2020}
}
